@misc{unicamp,
    author = {Paulo C. Centoducatte},
    title = {Conjunto de Instruções MIPS},
    year = {1998},
    url = {http://www.ic.unicamp.br/~pannain/mc542/aulas/ch3_arq.pdf},
    urlaccessdate = {20 jun. 2017}
}

@misc{obmep,
    author = {OBMEP},
    title = {Sala de Estudos: Algoritmo de Euclides para determinação de MDC},
    url = {http://clubes.obmep.org.br/blog/sala-de-estudos-algoritmo-de-euclides-para-determinacao-de-mdc/},
    urlaccessdate = {20 jun. 2017}
}

@misc{wiki,
    author = {{WIKIBOOKS}},
    title = {MIPS Assembly/Instruction Formats},
    year = {2017},
    url = {https://en.wikibooks.org/wiki/MIPS_Assembly/Instruction_Formats},
    urlaccessdate = {20 jun. 2017}
}

@misc{reed,
    author = {Dale Reed},
    title = {MIPS Architecture and Assembly Language Overview},
    year = {2004},
    url = {http://logos.cs.uic.edu/366/notes/mips%20quick%20tutorial.htm},
    urlaccessdate = {20 jun. 2017}
}

@misc{missouri,
    author = {{MISSOURI STATE UNIVERSITY}},
    title = {SYSCALL functions available in MARS},
    year = {2014},
    url = {http://courses.missouristate.edu/KenVollmar/mars/Help/SyscallHelp.html},
    urlaccessdate = {20 jun. 2017}
}

@misc{umd,
	author = {Charles Lin},
    title = {Understanding the Stack},
    year = {2003},
    url = {https://www.cs.umd.edu/class/sum2003/cmsc311/Notes/Mips/stack.html},
    urlaccessdate = {20 jun. 2017}
}